
@article{buerkner2016brms,
	Author = {Buerkner, Paul-Christian},
	Date-Modified = {2017-12-03 08:06:41 +0000},
	Journal = {Journal of Statistical Software},
	Number = {1},
	Pages = {1--28},
	Title = {{brms}: An {R} package for {B}ayesian multilevel models using {Stan}},
	Volume = {80},
	Year = {2016}}

@article{matuschek2017balancing,
  title={Balancing Type I error and power in linear mixed models},
  author={Matuschek, Hannes and Kliegl, Reinhold and Vasishth, Shravan and Baayen, Harald and Bates, Douglas},
  journal={Journal of Memory and Language},
  volume={94},
  pages={305--315},
  year={2017},
  publisher={Elsevier}
}

@article{barr2013random,
  title={Random effects structure for confirmatory hypothesis testing: Keep it maximal},
  author={Barr, Dale J and Levy, Roger and Scheepers, Christoph and Tily, Harry J},
  journal={Journal of memory and language},
  volume={68},
  number={3},
  pages={255--278},
  year={2013},
  publisher={Elsevier}
}

@article{carpenter2016stan,
	Author = {Carpenter, Bob and Gelman, Andrew and Hoffman, Matt and Lee, Daniel and Goodrich, Ben and Betancourt, Michael and Brubaker, Michael A. and Guo, Jiqiang and Li, Peter and Riddell, Allen},
	Journal = {Journal of Statistical Software},
	Pages = {1--37},
	Title = {Stan: A probabilistic programming language},
	Volume = {20},
	Year = {2016}}

@article{clark1973language,
  title={The language-as-fixed-effect fallacy: A critique of language statistics in psychological research},
  author={Clark, Herbert H},
  journal={Journal of verbal learning and verbal behavior},
  volume={12},
  number={4},
  pages={335--359},
  year={1973},
  publisher={Elsevier}
}

@book{McElreath2016:Statistical-Ret,
	Address = {Boca Raton},
	Author = {Richard {McElreath}},
	Publisher = {Chapman and Hall},
	Title = {Statistical Rethinking},
	Year = {2016}}

@book{GelmanCarlin2014:Bayesian-Data-A,
	Address = {Boca Raton},
	Author = {Andrew Gelman and John B. Carlin and Hal S. Stern and Donald B. Rubin},
	Edition = {3rd edition},
	Publisher = {Chapman and Hall},
	Title = {Bayesian Data Analysis},
	Year = {2014}}

@book{Kruschke2011:Doing-Bayesian-,
	Address = {Burlington, MA},
	Author = {John E. Kruschke},
	Edition = {2nd edition},
	Publisher = {Academic Press},
	Title = {Doing {B}ayesian Data Analysis},
	Year = {2015}}

@misc{Manual,
	Address = {Vienna, Austria},
	Author = {{R Core Team}},
	Organization = {R Foundation for Statistical Computing},
	Title = {R: A Language and Environment for Statistical Computing},
	Url = {https://www.R-project.org/},
	Year = {2017},
	Bdsk-Url-1 = {https://www.R-project.org/}}

@article{WinterGrawunder2012:The-Phonetic-Pr,
	Author = {Bodo Winter and S. Grawunder },
	Journal = {Journal of Phonetics},
	Pages = {808--815},
	Title = {The Phonetic Profile of Korean Formality},
	Volume = {40},
	Year = {2012}}

@misc{Winter2013:Linear-models-a,
	Author = {Bodo Winter},
	Title = {{Linear models and linear mixed effects models in R with linguistic applications}},
  Url = {https://arxiv.org/abs/1308.5499},
	Year = {2013}}

@article{SorensenHohensteinb2016:Bayesian-linear,
	Author = {Tanner Sorensen and Sven Hohensteinb and Shravan Vasishth},
	Journal = {The Quantitative Methods for Psychology},
	Title = {Bayesian linear mixed models using {S}tan: {A} tutorial for psychologists, linguists, and cognitive scientists},
	Year = {2016}}
